% This file was created with JabRef 2.10.
% Encoding: UTF-8


@Article{Cabana2008,
  Title                    = {Identifying the radiating core of Lighthill's source term},
  Author                   = {Cabana, Marie and Fortuné, Véronique and Jordan, Peter},
  Journal                  = {Theoretical Computational Fluid Dynamics},
  Year                     = {2008},
  Pages                    = {87-106},
  Volume                   = {22},

  Owner                    = {michaelcrawley},
  Timestamp                = {2015.01.27}
}

@Article{Unnikrishnan2015,
  Title                    = {Acoustic, Thermal and Turbulent Modes in a Supersonic Cold Jet},
  Author                   = {S. Unnikrishnan
Datta V. Gaitonde},
  Journal                  = {Submitted to the Journal of Sound and Vibration},

  Owner                    = {michaelcrawley},
  Timestamp                = {2015.09.15}
}

@Article{Jordan2008,
  Title                    = {Subsonic jet aeroacoustics: associating experiment, modelling and simulations},
  Author                   = {Jordan, P. and Gervais, Y.},
  Journal                  = {Experiments in Fluids},
  Year                     = {2008},
  Pages                    = {1-21},
  Volume                   = {44},

  Owner                    = {michaelcrawley},
  Timestamp                = {2015.01.27}
}

@InProceedings{Lighthill1952,
  Title                    = {On Sound Generated Aerodynamically. I. General Theory},
  Author                   = {Lighthill, M. J.},
  Booktitle                = {Proceedings of the Royal Society of London: Series A, Mathematical and Physical Sciences},
  Year                     = {1952},
  Pages                    = {564-587},
  Publisher                = {The Royal Society},
  Volume                   = {211},

  Keywords                 = {Acoustics},
  Owner                    = {michaelcrawley},
  Timestamp                = {2015.01.27}
}

@Conference{Tam1996,
  Title                    = {On the Two Components of Turbulent Mixing Noise from Supersonic Jets},
  Author                   = {Tam, Christopher K. W. and Golebiowski and Michel and Seiner, J. M.},
  Booktitle                = {2nd AIAA/CEAS Aeroacoustics Conference},
  Year                     = {1996},
  Number                   = {1996-1716},
  Volume                   = {AIAA Paper},

  Keywords                 = {Available Online Jets Acoustics},
  Owner                    = {michaelcrawley},
  Timestamp                = {2015.01.27}
}

@Article{Tam2008,
  Title                    = {The Source of Jet Noise: Experimental Evidence},
  Author                   = {Tam, Christopher K. W. and Viswanathan, K. and Ahuja, K. and Panda, J.},
  Journal                  = {Journal of Fluid Mechanics},
  Year                     = {2008},
  Pages                    = {253-292},
  Volume                   = {615},

  Keywords                 = {Jets Acoustics},
  Owner                    = {michaelcrawley},
  Timestamp                = {2015.01.27}
}

@Article{Viswanathan2006,
  Title                    = {Scaling Laws and a Method for Identifying Components of Jet Noise},
  Author                   = {Viswanathan, K},
  Journal                  = {AIAA Journal},
  Year                     = {2006},
  Number                   = {10},
  Pages                    = {2274-2285},
  Volume                   = {44},

  Owner                    = {michaelcrawley},
  Timestamp                = {2015.01.27}
}

